%
%  Vzor bibliografické databáze pro automatickou tvorbu seznamu referencí
%  pomocí BibTeXu
%
%  Doporučený software pro správu databáze literatury formátu *.bib:
%    JabRef, http://jabref.sourceforge.net/
%
%  POZOR:
%
%    *  Písmena v názvech publikací, jež je třeba tisknout vždy velká, se musejí psát
%       do složených závorek ({T}hailand, {HIV})
%
%  ===========================================================================
@manual{CoolForum,
	author = {Leo Eyck},
	title = {ESPNOW: Peer Interface is invalid},
	year = {2020},
	organization = {Random Nerd Tutorials Lab},
	url = {https://rntlab.com/question/espnow-peer-interface-is-invalid/},
	note = "[cit 2020-28-4]"
}
@manual{CoolCodes,
	title = {Weather Conditions},
	organization = {Open Weather Map},
	url = {https://openweathermap.org/weather-conditions},
	note = "[cit 2020-28-4]"
}

